2482 4044
468 336 772 410 PRAEFATIO.

201 500 277 560 Cum
304 503 436 576 tempore
467 499 580 559 aestivo
609 499 679 557 anni
708 500 792 559 1896
823 499 963 558 beneficio
991 499 1122 576 Amplis-

115 591 205 649 simae
228 589 408 648 Academiae
431 588 542 665 Regiae
567 587 764 647 Scientiarum
782 588 982 647 Berolinensis
1005 589 1120 650 occasio

118 679 188 736 mihi
209 678 312 736 oblata
335 681 412 736 esset
433 677 567 753 puhhcas
592 675 767 735 Germaniae
790 676 991 753 Austriaeque
1014 678 1120 738 biblio-

119 767 214 826 thecas
236 766 444 843 perscrutandi
464 766 502 824 ad
519 765 750 842 promovendam
768 766 922 823 scientiam
941 785 1064 842 operum
1083 767 1120 825 ad

123 856 307 931 geometriam
325 855 472 931 imprimis
481 854 577 935 medii
591 855 656 913 aevi
671 854 892 930 pertinentium,
910 854 1120 915 bibliothecam

126 962 233 1019 queque
248 944 460 1003 Universitatis
475 942 676 1002 Oracoviensis
692 942 760 1018 adii,
779 943 880 1019 ibique
895 943 927 1001 in
941 944 1039 1003 codice
1056 946 1118 1004 569

125 1031 153 1089 in
172 1033 331 1092 versionem
353 1032 444 1091 incidi
466 1031 630 1090 (incanam
649 1030 863 1091 Ganuounums
888 1031 1119 1092 Commentario·

127 1139 194 1195 rum,
228 1141 302 1197 quos
334 1121 428 1180 edidit
460 1120 586 1179 Arabice
618 1117 714 1180 And'n
735 1110 852 1178 ‘Annis
880 1122 1030 1200 sn-Ennn
1059 1141 1120 1181 nnn

130 1205 217 1286 lem
234 1206 426 1284 m-Nmizi,
449 1208 620 1268 Annamms
642 1209 679 1267 ab
697 1209 859 1284 interprete
879 1211 1059 1285 nominatus,
1082 1211 1120 1269 ad

131 1296 215 1356 decem
234 1299 326 1358 libros
349 1299 463 1374 priores
486 1298 709 1357 Elementorum
727 1297 886 1356 Eccnrms.
924 1296 1004 1366 Quae
1023 1298 1119 1358 versio

132 1385 225 1444 iamdiu
255 1388 293 1446 ab
320 1386 489 1446 hominibus
522 1386 615 1444 doctis
647 1387 758 1445 frustra
792 1385 927 1461 quaesita
959 1385 1120 1444 maximum

132 1474 190 1532 nihi
205 1476 344 1553 gaudium
358 1475 509 1535 afferebat.
536 1474 739 1534 intercedente
754 1473 959 1533 Illustrissimo
973 1474 1119 1551 Ministro,

134 1563 174 1637 qui
193 1565 274 1624 rebus
299 1564 505 1624 ecclesiasticis
529 1568 583 1622 etc.
606 1565 732 1639 praeest,
755 1563 846 1622 codex
866 1563 917 1621 ille
936 1562 1120 1623 Thorunium

132 1651 220 1711 missus
255 1656 315 1727 est,
354 1657 389 1712 ut
425 1672 459 1711 eo
490 1652 523 1710 in
553 1652 740 1712 Bibliotheca
773 1650 928 1728 Gymnasii
954 1652 1041 1730 Regii
1073 1652 1120 1712 uti

133 1757 236 1813 possem.
283 1741 340 1801 Hic
363 1744 443 1801 totos
467 1740 693 1800 commentarios
717 1741 863 1816 exscripsi.

201 1831 403 1890 illustrissimo
430 1829 567 1888 Ministro
598 1848 650 1888 nec
679 1828 775 1888 minus
803 1829 1013 1906 Amplissimae
1041 1830 1117 1892 Aca·

131 1914 233 1995 demine,
257 1919 339 1978 cuius
359 1939 413 1995 ope
432 1918 491 1976 iter
508 1917 584 1976 illud
602 1917 667 1995 feci,
692 1919 722 1975 et
739 1918 795 1977 hoc
814 1919 878 1978 loco
898 1919 1010 1996 gratias
1029 1939 1117 1997 agere

131 2023 203 2079 quam
227 2008 372 2066 maximas
395 2011 426 2066 et
452 2008 498 2066 fas
527 2009 583 2081 est,
614 2008 645 2064 et
667 2007 783 2065 animus
812 2027 859 2065 me
888 2010 984 2085 urget.
1036 2008 1117 2078 Quae

130 2091 317 2156 Illustrissima
334 2095 496 2155 Academia
519 2095 627 2154 iterum
650 2094 823 2153 beneficium
846 2115 933 2154 suum
956 2117 990 2156 eo
1010 2116 1117 2174 augere

131 2179 253 2260 decrevit,
284 2184 364 2261 quod
391 2203 531 2262 magnam
557 2187 674 2259 partem
700 2184 903 2259 impensarum
928 2184 1117 2261 imprimendi

130 2287 171 2330 sno
191 2277 309 2349 sumptu
332 2272 543 2350 suppeditavit.

201 2362 279 2431 Quae
307 2362 343 2420 de
371 2362 469 2422 codice
497 2360 699 2436 manuscripto
723 2361 846 2420 dicenda
875 2361 949 2437 sint,
982 2382 1116 2440 quaeque

129 2445 156 2506 de
175 2469 257 2527 opere
274 2450 348 2527 ipso,
373 2450 453 2526 quod
470 2469 524 2526 pro
543 2449 745 2527 cognoscenda
764 2449 887 2509 scientia
905 2451 1116 2511 mathematica

128 2538 301 2615 antiquitatis
320 2539 459 2598 classicae
478 2538 599 2597 maximi
613 2538 757 2597 momenti
775 2557 836 2598 esse
856 2540 1116 2616 demonstrabitur,

127 2621 150 2682 in
168 2628 379 2706 prolegomenis
403 2627 625 2686 declarabimus.

198 2717 254 2776 Hic
283 2718 401 2775 demum
432 2717 544 2793 gratias
578 2734 709 2776 summas
741 2734 827 2793 agere
858 2717 944 2791 cupio
971 2716 1035 2776 viro
1063 2718 1115 2777 cel.

124 2799 150 2860 Β.
168 2804 197 2864 G.
217 2807 394 2880 Temnum,
417 2805 470 2880 qui
493 2803 740 2864 commendationi
763 2805 850 2863 amici
873 2809 903 2863 et
926 2803 973 2862 sui
996 2808 1026 2863 et
1048 2807 1115 2883 mei,

123 2889 259 2954 Macnrrn
282 2893 452 2968 Carrenis,
480 2894 635 2953 obsecutus
662 2893 863 2951 lubentissime
891 2893 944 2950 hos
969 2911 1114 2954 commen-

122 2981 203 3043 turos
225 2984 457 3052 ‚,Bibliothecce“
481 3001 552 3041 suae
574 2981 703 3040 inserere
727 2980 864 3056 decrevit,
887 3000 941 3041 nec
963 3002 1022 3042 non
1043 2984 1114 3044 viris

120 3067 286 3132 doctissimis
304 3072 332 3130 J.
346 3071 379 3129 L.
393 3071 568 3130 Hamuacro
588 3074 619 3129 et
636 3070 673 3128 H.
688 3069 823 3143 Mirum,
842 3089 968 3145 quorum
986 3073 1114 3131 auctori-

119 3160 172 3218 tate
197 3162 275 3220 hunc
302 3161 411 3219 librum
438 3161 677 3236 supplementum
705 3158 842 3217 editionis
871 3177 940 3219 suae
963 3161 1115 3221 Eccnmrs

118 3248 259 3308 nominare
282 3249 360 3308 licet.

198 3356 308 3432 Scripsi
331 3355 488 3430 Thorunii,
512 3373 610 3414 mense
634 3352 743 3413 Martio
767 3354 838 3412 anni
860 3357 953 3416 1899.

681 3471 921 3541 llaximilianus
945 3472 1068 3540 durtze.
