2482 4044
111 187 163 240 XII
475 187 757 243 PROLEGOMIINA.

131 350 158 416 9)
182 365 208 415 p.
230 352 382 402 aea-296:
412 346 513 417 Optica
536 364 584 401 seu
606 347 782 416 perspectiva
799 346 940 400 Pno'nonnr
963 348 1016 416 (est
1033 348 1123 402 versio

184 426 302 480 Enonrn
319 427 454 480 Anmncnr
473 427 564 481 Srcnnr
583 427 617 481 de
636 426 757 481 Arabico
766 427 798 496 1);

115 509 158 576 10)
183 525 209 575 p.
231 512 384 562 aaa—402:
403 507 532 560 Encnmrs
548 505 709 560 Geometria
727 522 761 559 ex
780 505 903 560 editione
917 506 1044 561 emin.
1074 507 1124 562 Su-

184 586 245 640 bito
263 586 294 639 in
312 586 378 640 libri
392 587 431 639 XI
448 585 640 656 propositione
654 585 745 638 XXIX
763 585 940 654 abrumpitur
953 586 1059 641 verbis:
1077 589 1124 643 scd

184 683 241 720 aaa
258 683 339 735 saper
358 667 458 721 lineam
475 685 568 722 msam.
607 666 707 735 Sitque.

114 746 168 811 Qui
187 745 299 815 scripsit
317 745 433 815 librum,
453 763 516 802 eum
535 747 569 800 de
588 745 791 800 mathematica
809 763 901 815 pauca
918 746 963 801 vel
980 746 1054 801 nihil
1072 745 1124 801 sci-

112 826 185 880 visse
209 826 444 880 verisimillimum
467 829 517 881 est.
554 825 630 881 Male
655 826 730 880 enim
754 842 837 895 saepe
855 827 942 881 verba
965 829 994 880 et
1012 843 1125 880 sensum

113 906 275 975 interpretis
297 905 442 960 mutilavit
470 908 499 960 et
524 906 650 961 detorsit.
697 907 736 960 Ut
763 898 891 975 exempla
917 906 1044 976 afferam,
1071 924 1123 976 pro

114 1023 229 1093 eripitur
252 1020 363 1091 scripsit
386 1009 423 1077 ὦ
440 993 471 1092 ἆ,
499 1020 592 1076 idest
614 1021 665 1076 erit
683 1021 784 1091 ipitasr,
811 1038 862 1090 pro
881 1028 987 1076 ceratum
1010 1020 1122 1090 saepius

114 1108 242 1157 centrum.
276 1101 330 1154 Pro
350 1107 374 1156 et
388 1103 475 1157 altera
494 1100 606 1170 scripsit
619 1107 645 1156 et
659 1102 753 1168 latera,
771 1117 852 1170 saper
864 1101 954 1168 fillum
966 1118 1016 1170 pro
1030 1119 1123 1172 saper-

113 1183 212 1250 fluam,
238 1187 388 1250 quercietwr
406 1197 457 1250 pro
476 1188 614 1250 queraur,
639 1182 801 1248 rectamque
819 1180 970 1234 lectionem
992 1184 1125 1251 quesitam

112 1259 218 1330 pluries
232 1260 262 1315 in
276 1277 326 1330 que
339 1262 435 1315 satam
449 1260 595 1316 convertit.
620 1259 842 1314 Innumerabiles
856 1277 946 1329 paene
960 1263 1026 1314 sunt
1040 1262 1124 1316 omis-

114 1340 205 1394 siones
218 1357 269 1409 per
277 1339 512 1408 homoeoteleuta,
528 1357 600 1409 quae
609 1342 752 1408 vocantur,
767 1339 987 1409 iterationesque
998 1340 1124 1396 eiusdem

114 1419 191 1473 verbi
209 1419 253 1474 vel
266 1420 422 1474 verborum.
450 1419 571 1489 Figurae
586 1437 705 1488 quoque,
724 1436 895 1488 quamquam
909 1420 1013 1489 optime
1026 1421 1124 1476 viden-

113 1500 159 1552 tur
178 1499 345 1570 delineatae,
364 1500 484 1570 pessime
503 1502 599 1554 tamen
613 1499 742 1568 depietae
757 1502 829 1554 sunt.
858 1499 956 1568 Neque
970 1501 1046 1554 enim
1059 1519 1123 1571 pro-

113 1579 205 1650 portio
224 1579 347 1649 partium
367 1583 477 1634 servata
496 1582 551 1646 est,
574 1595 664 1646 neque
683 1577 773 1632 forma
792 1595 888 1632 earum
906 1596 1014 1649 semper
1032 1581 1124 1636 textui

114 1659 334 1713 accommodata.
376 1658 505 1727 Exempli
527 1658 621 1727 gratia
644 1658 783 1725 quadrata
807 1675 897 1727 paene
921 1676 1029 1728 semper
1051 1663 1123 1716 rect

114 1738 233 1808 angulis,
253 1737 364 1806 saepius
384 1755 494 1806 quoque
512 1736 784 1807 parallelogrammis
799 1738 940 1807 descripta
955 1741 1027 1808 sunt,
1046 1741 1123 1794 utin

112 1818 203 1888 figura
221 1816 420 1886 propositionis
439 1815 629 1886 Heronianae,
651 1833 707 1885 qua
727 1817 843 1871 docetur
860 1820 917 1871 tres
936 1817 1025 1872 lineas
1045 1818 1124 1873 auxi-

113 1896 197 1950 liares
219 1895 250 1948 in
272 1896 446 1950 theoremate
464 1896 651 1966 Pythagorico
676 1897 774 1951 ductas
797 1897 828 1950 in
851 1898 950 1952 eodem
969 1901 1073 1967 puncto
1093 1915 1123 1953 se

113 1992 207 2030 secare
226 1974 331 2044 (videas
349 1995 376 2045 p.
392 1980 444 2045 83).

183 2064 216 2117 in
233 2065 313 2117 textu
333 2063 529 2119 constituendo
548 2067 577 2119 et
594 2065 710 2118 lacunas
729 2064 834 2119 codicis
854 2064 1009 2134 supplendo
1027 2066 1123 2119 textus

112 2145 279 2197 Basanomm
296 2143 443 2197 Hnmnnon
465 2145 548 2214 primi
566 2145 633 2198 libri
656 2147 684 2198 et
703 2144 918 2198 commentarius
937 2144 1066 2214 Paccm')
1086 2142 1124 2197 ad

112 2224 187 2277 hunc
209 2223 313 2277 librum
336 2224 465 2277 Eucnrnrs
488 2223 641 2278 maximum
664 2224 820 2278 afferebant
842 2223 991 2293 auxilium,
1014 2238 1122 2293 usuque

114 2303 254 2357 scribendi
268 2303 461 2358 Gherardiano
477 2305 563 2358 semel
577 2304 690 2374 cognito
707 2303 779 2358 etin
794 2304 975 2373 sequentibus
989 2303 1070 2358 libris
1085 2303 1122 2358 ab

112 2384 265 2438 Hammoro
284 2384 409 2437 nondum
426 2384 549 2453 vulgatis
567 2384 682 2438 lacunas
697 2384 813 2454 implere
826 2385 972 2453 malasque
985 2383 1121 2438 lectiones

112 2463 266 2518 rectificare
283 2481 340 2517 non
358 2466 418 2517 tam
438 2463 553 2517 difficile
572 2466 639 2519 erat.
676 2465 709 2518 In
728 2463 952 2534 definitionibus,
977 2463 1122 2533 petitioni-

112 2544 166 2598 bus
189 2546 218 2597 et
241 2542 431 2598 axiomatibus
454 2543 584 2597 Encnmrs
611 2543 787 2598 declarandis
810 2546 904 2598 textus
928 2561 1038 2612 quoque
1061 2543 1122 2613 ipse

112 2624 241 2677 Encnmrs
261 2623 296 2677 ab
316 2625 430 2677 auctore
450 2621 564 2676 affertur
582 2626 611 2677 et
628 2623 659 2677 in
677 2623 759 2677 initio
777 2622 862 2692 primi
881 2621 947 2675 libri
969 2622 1045 2676 etin
1063 2639 1122 2676 om-

112 2704 207 2773 nibus,
235 2703 266 2757 in
288 2702 390 2771 quibus
413 2702 486 2756 tales
511 2705 666 2757 occurrunt.
706 2704 739 2757 ln
761 2701 982 2757 theorematibus
1005 2718 1069 2756 vero
1094 2704 1123 2755 et

112 2783 348 2852 problematibus,
370 2799 440 2851 quos
459 2785 630 2837 commentat
648 2785 757 2851 auctor,
777 2783 854 2847 solae
874 2781 1046 2849 additiones,
1065 2799 1123 2836 non

112 2864 206 2916 textus
229 2863 289 2931 ipse
311 2862 546 2932 propositionum,
571 2863 620 2916 sed
642 2862 750 2916 numeri
774 2865 886 2917 tantum
904 2878 1000 2915 earum
1018 2861 1125 2916 adseri·
1151 2914 1153 2918 .

185 3061 210 3125 1)
229 3056 329 3110 Editus
349 3061 392 3112 est
409 3057 482 3112 liber
497 3075 513 3111 a
528 3057 664 3112 Gnanrro
680 3057 752 3111 Govr
770 3057 821 3111 sub
836 3056 934 3112 titulo:
955 3057 1074 3112 L’otts'ca
1092 3058 1124 3111 di

115 3127 235 3183 (insumo
255 3128 386 3181 Tononno
409 3131 448 3184 da
469 3129 593 3183 Enenmo
611 3129 785 3182 Annmssmo
809 3147 838 3181 nr
859 3129 974 3196 Srcmm,
1000 3129 1123 3183 amittere

112 3201 156 3254 del
173 3200 257 3254 secolo
276 3200 345 3253 XII
362 3201 466 3254 ridolto
488 3202 520 3254 ia
543 3201 629 3254 latiae
651 3216 731 3254 secra
754 3201 782 3254 Ia
802 3200 962 3254 traslazione
980 3200 1069 3253 aruba
1092 3199 1124 3252 di

112 3288 169 3325 νννο
183 3277 248 3326 testo
261 3287 338 3340 preco
351 3272 502 3340 Imperfetto
521 3287 571 3326 ora
585 3288 636 3340 per
651 3273 679 3325 Ia
693 3272 787 3339 prima
804 3271 878 3325 volta
895 3271 1031 3337 conforme
1047 3287 1066 3323 a
1081 3287 1124 3324 aa

112 3343 201 3397 codice
219 3342 291 3396 della
309 3342 383 3396 Bibl.
403 3342 588 3396 Ambrosianus
602 3343 768 3410 pubblicum.
807 3340 909 3395 Torino
930 3346 1006 3394 1885.

184 3416 211 3481 2)
229 3413 301 3466 Usus
320 3430 382 3466 sum
400 3412 524 3467 editione
543 3413 723 3468 annnnmn:
743 3412 845 3466 Procnr
863 3411 1001 3464 Dmnocnr
1019 3410 1050 3463 in
1063 3409 1122 3480 pri-

14 3499 16 3502 ·
111 3500 189 3536 mum
220 3483 349 3536 Encmnrs
382 3483 583 3538 elementorum
618 3483 721 3537 librum
753 3481 952 3537 commentarii.
1007 3481 1123 3551 Lipsiae

111 3555 148 3609 M.
163 3552 260 3609 Dece.
275 3554 395 3608 LXXIII.
